<collection xmlns="http://www.loc.gov/MARC21/slim">
<record>
  <leader>02309nam0a2200409 i 450 </leader>
  <controlfield tag="001">IT\ICCU\CNCE\001727</controlfield>
  <controlfield tag="005">20190227000000.0</controlfield>
  <datafield tag="012" ind1=" " ind2=" ">
    <subfield code="a">heom c.i- l.he code (3) 1545 (A)</subfield>
    <subfield code="2">fei</subfield>
  </datafield>
  <datafield tag="100" ind1=" " ind2=" ">
    <subfield code="a">19970101d1545        0itac0103    ba</subfield>
  </datafield>
  <datafield tag="101" ind1=" " ind2=" ">
    <subfield code="a">ITA</subfield>
  </datafield>
  <datafield tag="102" ind1=" " ind2=" ">
    <subfield code="a">IT</subfield>
  </datafield>
  <datafield tag="200" ind1="1" ind2=" ">
    <subfield code="a">Opera chiamata Confusione della setta machometana ... Tradotta in italiano, per Domenico di Gatzelu</subfield>
  </datafield>
  <datafield tag="210" ind1=" " ind2=" ">
    <subfield code="a">In Venetia</subfield>
    <subfield code="c">\Bartolomeo Imperatore!</subfield>
    <subfield code="d">1545</subfield>
    <subfield code="e">In Venetia</subfield>
    <subfield code="g">per Bartholomeo detto l&apos;Imperadore</subfield>
    <subfield code="h">1545</subfield>
  </datafield>
  <datafield tag="215" ind1=" " ind2=" ">
    <subfield code="a">71, \1! c.</subfield>
    <subfield code="d">8ʻ</subfield>
  </datafield>
  <datafield tag="620" ind1=" " ind2=" ">
    <subfield code="a">IT</subfield>
    <subfield code="d">Venezia</subfield>
  </datafield>
  <datafield tag="700" ind1=" " ind2="1">
    <subfield code="a">Andrš,</subfield>
    <subfield code="b">Juan</subfield>
    <subfield code="3">IT\ICCU\CNCA\000704</subfield>
  </datafield>
  <datafield tag="702" ind1=" " ind2="1">
    <subfield code="a">Gaztelu,</subfield>
    <subfield code="b">Domingo : de</subfield>
    <subfield code="3">IT\ICCU\CNCA\000178</subfield>
  </datafield>
  <datafield tag="712" ind1="0" ind2="0">
    <subfield code="a">Imperatore, Bartolomeo</subfield>
    <subfield code="3">IT\ICCU\CNCT\000519</subfield>
    <subfield code="4">650</subfield>
  </datafield>
  <datafield tag="790" ind1=" " ind2="1">
    <subfield code="a">Gatzelu,</subfield>
    <subfield code="b">Dominicus : de</subfield>
    <subfield code="3">IT\ICCU\CNCA\019104</subfield>
    <subfield code="z">Gaztelu, Domingo : de</subfield>
  </datafield>
  <datafield tag="790" ind1=" " ind2="1">
    <subfield code="a">Gaztelo y Gamboa,</subfield>
    <subfield code="b">Domingo : de</subfield>
    <subfield code="3">IT\ICCU\CNCA\019105</subfield>
    <subfield code="z">Gaztelu, Domingo : de</subfield>
  </datafield>
  <datafield tag="791" ind1="0" ind2="0">
    <subfield code="a">Imperator, Bartholomaeus</subfield>
    <subfield code="3">IT\ICCU\CNCT\004849</subfield>
    <subfield code="z">Imperatore, Bartolomeo</subfield>
  </datafield>
  <datafield tag="791" ind1="0" ind2="0">
    <subfield code="a">Imperadore, Bartolomeo</subfield>
    <subfield code="3">IT\ICCU\CNCT\004851</subfield>
    <subfield code="z">Imperatore, Bartolomeo</subfield>
  </datafield>
  <datafield tag="791" ind1="0" ind2="0">
    <subfield code="a">Imperador, Bartholomeo</subfield>
    <subfield code="3">IT\ICCU\CNCT\004854</subfield>
    <subfield code="z">Imperatore, Bartolomeo</subfield>
  </datafield>
  <datafield tag="801" ind1=" " ind2="3">
    <subfield code="a">IT</subfield>
    <subfield code="b">ICCU</subfield>
    <subfield code="c">20201113</subfield>
  </datafield>
  <datafield tag="899" ind1=" " ind2=" ">
    <subfield code="a">Biblioteca estera - Biblioteca Nacional de Espaą. Madrid</subfield>
    <subfield code="z">MUTILO</subfield>
    <subfield code="1">AA0001</subfield>
  </datafield>
  <datafield tag="899" ind1=" " ind2=" ">
    <subfield code="a">Biblioteca civica A. Mai. Bergamo</subfield>
    <subfield code="1">BG0026</subfield>
    <subfield code="2">LO1 02</subfield>
  </datafield>
  <datafield tag="899" ind1=" " ind2=" ">
    <subfield code="a">Biblioteca del Seminario arcivescovile maggiore. Firenze</subfield>
    <subfield code="1">FI0056</subfield>
    <subfield code="2">RT1 QM</subfield>
  </datafield>
  <datafield tag="899" ind1=" " ind2=" ">
    <subfield code="a">Biblioteca Riccardiana. Firenze</subfield>
    <subfield code="1">FI0094</subfield>
    <subfield code="2">CFI RF</subfield>
  </datafield>
  <datafield tag="899" ind1=" " ind2=" ">
    <subfield code="a">Biblioteca universitaria. Napoli</subfield>
    <subfield code="1">NA0070</subfield>
    <subfield code="2">NAP BU</subfield>
  </datafield>
  <datafield tag="899" ind1=" " ind2=" ">
    <subfield code="a">Biblioteca nazionale Vittorio Emanuele III. Napoli</subfield>
    <subfield code="1">NA0079</subfield>
    <subfield code="2">NAP BN</subfield>
  </datafield>
  <datafield tag="899" ind1=" " ind2=" ">
    <subfield code="a">Biblioteca comunale Passerini Landi. Piacenza</subfield>
    <subfield code="1">PC0030</subfield>
    <subfield code="2">PIA PL</subfield>
  </datafield>
  <datafield tag="899" ind1=" " ind2=" ">
    <subfield code="a">Collezione privata Casamarte. Loreto Aprutino</subfield>
    <subfield code="1">PE0013</subfield>
    <subfield code="2">ZPE 07</subfield>
  </datafield>
  <datafield tag="899" ind1=" " ind2=" ">
    <subfield code="a">Biblioteca  Panizzi. Reggio Emilia</subfield>
    <subfield code="1">RE0052</subfield>
    <subfield code="2">RE2 PA</subfield>
  </datafield>
  <datafield tag="899" ind1=" " ind2=" ">
    <subfield code="a">Biblioteca universitaria Alessandrina. Roma</subfield>
    <subfield code="1">RM0280</subfield>
    <subfield code="2">RML 01</subfield>
  </datafield>
  <datafield tag="899" ind1=" " ind2=" ">
    <subfield code="a">Biblioteca alle Stimate. Verona</subfield>
    <subfield code="1">VR0175</subfield>
    <subfield code="2">PBE04</subfield>
  </datafield>
  <datafield tag="911" ind1=" " ind2=" ">
    <subfield code="a">Sul front.</subfield>
    <subfield code="9">IT\ICCU\CNCM\000165</subfield>
  </datafield>
  <datafield tag="921" ind1=" " ind2=" ">
    <subfield code="a">IT\ICCU\CNCM\000165</subfield>
    <subfield code="b">Imperatore romano tiene con la mano destra uno scudo, con la sinistra un vessillo con le iniziali S.P.Q.R. A destra della composizione un&apos;aquila sul globo.</subfield>
    <subfield code="c">A131</subfield>
    <subfield code="c">Z735</subfield>
    <subfield code="d">Dimensioni: 4,5 x 6</subfield>
    <subfield code="f">AQUILA</subfield>
    <subfield code="f">ARMATURA</subfield>
    <subfield code="f">IMPERATORE</subfield>
    <subfield code="f">SCUDO</subfield>
    <subfield code="f">UOMO</subfield>
    <subfield code="g">1543-1598</subfield>
  </datafield>
</record>
</collection>
